<?xml version="1.0" encoding="UTF-8"?><record xmlns="http://www.loc.gov/MARC21/slim" xmlns:cinclude="http://apache.org/cocoon/include/1.0" xmlns:zs="http://www.loc.gov/zing/srw/">
  <leader>00455cz  a2200133n  4500</leader>
  <controlfield tag="001">n  83011036 </controlfield>
  <controlfield tag="003">DLC</controlfield>
  <controlfield tag="005">19970319141630.4</controlfield>
  <controlfield tag="008">830427n| acannaab|          |n aaa |||  </controlfield>
  <datafield tag="010" ind1=" " ind2=" ">
    <subfield code="a">n  83011036 </subfield>
  </datafield>
  <datafield tag="040" ind1=" " ind2=" ">
    <subfield code="a">DLC</subfield>
    <subfield code="c">DLC</subfield>
    <subfield code="d">DLC</subfield>
  </datafield>
  <datafield tag="100" ind1="1" ind2="0">
    <subfield code="a">Zsirai, Mikloﾌ《</subfield>
  </datafield>
  <datafield tag="670" ind1=" " ind2=" ">
    <subfield code="a">His A modern nyelvtudomaﾌ］y, 1952.</subfield>
  </datafield>
  <datafield tag="670" ind1=" " ind2=" ">
    <subfield code="a">Kiss, J. Zsirai Mikloﾌ《, 1995:</subfield>
    <subfield code="b">t.p. (Zsirai Mikloﾌ《) p. 10, etc. (b. 1892, d. 1955; Hungarian linguist, specialized in Finno-Ugrian languages)</subfield>
  </datafield>
</record>